@misc{diversification,
author = {},
title = {diversification.pdf},
howpublished = {\url{http://theory.stanford.edu/~aneeshs/papers/diversification.pdf}},
month = {},
year = {},
}
